
@INBOOK{Wheeler2018-dz,
  title     = "Martin Heidegger",
  booktitle = "The Stanford Encyclopedia of Philosophy",
  author    = "Wheeler, Michael",
  editor    = "Zalta, Edward N",
  publisher = "Metaphysics Research Lab, Stanford University",
  edition   = "Winter 2018",
  year      =  2018,
  url       = "https://plato.stanford.edu/archives/win2018/entries/heidegger/"
}


@ARTICLE{Jonassen1999-me,
  title     = "Mental Models: Knowledge in the Head and Knowledge in the World",
  author    = "Jonassen, David H and Henning, Philip",
  journal   = "Educational technology research and development: ETR \& D",
  publisher = "Educational Technology Publications, Inc.",
  volume    =  39,
  number    =  3,
  pages     = "37--42",
  year      =  1999,
  url       = "http://www.jstor.org/stable/44428530",
  issn      = "1042-1629, 0013-1962"
}


@BOOK{Norman2013-xk,
  title     = "The design of everyday things: Revised and expanded edition",
  author    = "Norman, Don",
  publisher = "Basic books",
  year      =  2013,
  url       = "http://lib.sgu.edu.vn:84/dspace/bitstream/TTHLDHSG/2827/1/The-Design-of-Everyday-Things-Revised-and-Expanded-Edition.pdf"
}

@BOOK{Stephenson1999-fw,
  title     = "In the Beginning...was the Command Line",
  author    = "Stephenson, Neal",
  publisher = "William Morrow Paperbacks",
  edition   = "First Edition",
  month     =  nov,
  year      =  1999,
  url       = "https://www.amazon.com/Beginning-was-Command-Line/dp/0380815931",
  language  = "en",
  isbn      = "9780380815937"
}
